@article{ziliakandMcCloskey2008,
  title={The cult of statistical significance},
  author={Ziliak, Stephen T and McCloskey, Deirdre N},
  journal={Ann Arbor: University of Michigan Press},
  volume={27},
  year={2008}}
  
  @article{Simmonsetal.2011,
  title={False-positive psychology: Undisclosed flexibility in data collection and analysis allows presenting anything as significant},
  author={Simmons, Joseph P and Nelson, Leif D and Simonsohn, Uri},
  journal={Psychological science},
  volume={22},
  number={11},
  pages={1359--1366},
  year={2011},
  publisher={Sage Publications Sage CA: Los Angeles, CA}}
  
  @article{Feldonetal.2017,
  title={Null effects of boot camps and short-format training for {PhD} students in life sciences},
  author={Feldon, David F and Jeong, Soojeong and Peugh, James and Roksa, Josipa and Maahs-Fladung, Cathy and Shenoy, Alok and Oliva, Michael},
  journal={Proceedings of the National Academy of Sciences},
  volume={114},
  number={37},
  pages={9854--9858},
  year={2017},
  publisher={National Acad Sciences}}
  
 @article{Cohen1994,
  title={The earth is round (p \textless  .05).},
  author={Cohen, Jacob},
  journal={American psychologist},
  volume={49},
  number={12},
  pages={997},
  year={1994},
  publisher={American Psychological Association}}
  
@article{Berkson1938,
  title={Some difficulties of interpretation encountered in the application of the chi-square test},
  author={Berkson, Joseph},
  journal={Journal of the American Statistical Association},
  volume={33},
  number={203},
  pages={526--536},
  year={1938},
  publisher={Taylor \& Francis Group}}
  
@article{Bakan1966,
  title={The test of significance in psychological research.},
  author={Bakan, David},
  journal={Psychological bulletin},
  volume={66},
  number={6},
  pages={423},
  year={1966},
  publisher={American Psychological Association}}
  
@article{Goodman1999,
  title={Toward evidence-based medical statistics. 1: The P value fallacy},
  author={Goodman, Steven N},
  journal={Annals of internal medicine},
  volume={130},
  number={12},
  pages={995--1004},
  year={1999},
  publisher={Am Coll Physicians}}
  
@misc{WassersteinandLazar2016,
  title={The {ASA's} statement on p-values: context, process, and purpose},
  author={Wasserstein, Ronald L and Lazar, Nicole A},
  year={2016},
  publisher={Taylor \& Francis}}
  
@article{Abelson1997,
  title={On the surprising longevity of flogged horses: Why there is a case for the significance test},
  author={Abelson, Robert P},
  journal={Psychological science},
  volume={8},
  number={1},
  pages={12--15},
  year={1997},
  publisher={SAGE Publications Sage CA: Los Angeles, CA}}

@article{Wilkinson1999,
  title={Statistical methods in psychology journals: Guidelines and explanations.},
  author={Wilkinson, Leland},
  journal={American psychologist},
  volume={54},
  number={8},
  pages={594},
  year={1999},
  publisher={American Psychological Association}}
  
@article{McShaneetal.2017,
  title={Abandon statistical significance},
  journal={The American Statistician},
  volume=70,
  year=2016
}

  author={McShane, Blakeley B and Gal, David and Gelman, Andrew and Robert, Christian and Tackett, Jennifer L},
  journal={arXiv preprint arXiv:1709.07588},
  year={2017}}
  
@article{Meehl1990,
  title={Why summaries of research on psychological theories are often uninterpretable},
  author={Meehl, Paul E},
  journal={Psychological reports},
  volume={66},
  number={1},
  pages={195--244},
  year={1990},
  publisher={SAGE Publications Sage CA: Los Angeles, CA}}
  
@article{Tukey1991,
  title={The philosophy of multiple comparisons},
  author={Tukey, John W},
  journal={Statistical science},
  pages={100--116},
  year={1991},
  publisher={JSTOR}}
  
@article{Bernardietal.2017,
  title={`{Sing} Me a Song with Social Significance': The (Mis) Use of Statistical Significance Testing in {European} Sociological Research},
  author={Bernardi, Fabrizio and Chakhaia, Lela and Leopold, Liliya},
  journal={European Sociological Review},
  volume={33},
  number={1},
  pages={1--15},
  year={2017},
  publisher={Oxford University Press}}
  
@article{Karulinetal.2015,
  title={Normal distribution of {CD8+} {T}-cell-derived {ELISPOT} counts within replicates justifies the reliance on parametric statistics for identifying positive responses},
  author={Karulin, Alexey Y and Caspell, Richard and Dittrich, Marcus and Lehmann, Paul V},
  journal={Cells},
  volume={4},
  number={1},
  pages={96--111},
  year={2015},
  publisher={Multidisciplinary Digital Publishing Institute}}
  
@article{TouchonandMcCoy2016,
  title={The mismatch between current statistical practice and doctoral training in ecology},
  author={Touchon, Justin C and McCoy, Michael W},
  journal={Ecosphere},
  volume={7},
  number={8},
  year={2016},
  publisher={Wiley Online Library}}
  
@article{GelmanandCarlin2014,
  title={Beyond power calculations: assessing type {S} (sign) and type {M} (magnitude) errors},
  author={Gelman, Andrew and Carlin, John},
  journal={Perspectives on Psychological Science},
  volume={9},
  number={6},
  pages={641--651},
  year={2014},
  publisher={Sage Publications Sage CA: Los Angeles, CA}}
  
@article{SzucsandIoannidis2017,
  title={When null hypothesis significance testing is unsuitable for research: a reassessment},
  author={Szucs, Denes and Ioannidis, John},
  journal={Frontiers in human neuroscience},
  volume={11},
  pages={390},
  year={2017},
  publisher={Frontiers}}
  
@article{Kassetal.2016,
  title={Ten simple rules for effective statistical practice},
  author={Kass, Robert E and Caffo, Brian S and Davidian, Marie and Meng, Xiao-Li and Yu, Bin and Reid, Nancy},
  journal={PLoS computational biology},
  volume={12},
  number={6},
  pages={e1004961},
  year={2016},
  publisher={Public Library of Science}}
  
@article{Andersonetal.2000,
  title={Null hypothesis testing: problems, prevalence, and an alternative},
  author={Anderson, David R and Burnham, Kenneth P and Thompson, William L},
  journal={The journal of wildlife management},
  pages={912--923},
  year={2000},
  publisher={JSTOR}}
  
@article{Simonetal.2017,
  title={Clinically significant sub-clonality for common drivers can be detected in 26\% of {KRAS/EGFR} mutated lung adenocarcinomas},
  author={Simon, Einav and Bick, Tova and Sarji, Shada and Shentzer, Talia and Prinz, Elad and Yehiam, Liza and Sabo, Edmond and Ben-Izhak, Ofer and Hershkovitz, Dov},
  journal={Oncotarget},
  volume={8},
  number={28},
  pages={45736},
  year={2017},
  publisher={Impact Journals, LLC}}
  
@article{Singhetal.2017,
  title={Phylogenetic distribution and expression of a penicillin-binding protein homologue, {Ear} and its significance in virulence of {{\em Staphylococcus aureus}}},
  author={Singh, Vineet K and Ring, Robert P and Aswani, Vijay and Stemper, Mary E and Kislow, Jennifer and Ye, Zhan and Shukla, Sanjay K},
  journal={Journal of medical microbiology},
  volume={66},
  number={12},
  pages={1811--1821},
  year={2017},
  publisher={Microbiology Society}}
  
@article{Juriadoetal.2017,
  title={Specialist taxa restricted to threatened habitats contribute significantly to the regional diversity of {Peltigera} ({Lecanoromycetes}, {Ascomycota}) in {Estonia}},
  author={J{\"u}riado, Inga and Kaasalainen, Ulla and Rikkinen, Jouko},
  journal={Fungal Ecology},
  volume={30},
  pages={76--87},
  year={2017},
  publisher={Elsevier}}
  
@article{Ortegoetal.2007,
  title={No relationship between individual genetic diversity and prevalence of avian malaria in a migratory kestrel},
  author={Ortego, JoaquIN and Cordero, Pedro J and Aparicio, Jose Miguel and Calabuig, Gustau},
  journal={Molecular Ecology},
  volume={16},
  number={22},
  pages={4858--4866},
  year={2007},
  publisher={Wiley Online Library}}
  
@article{Dentonetal.2011,
  title={Test of significant toxicity: A statistical application for assessing whether an effluent or site water is truly toxic},
  author={Denton, Debra L and Diamond, Jerry and Zheng, Lei},
  journal={Environmental toxicology and chemistry},
  volume={30},
  number={5},
  pages={1117--1126},
  year={2011},
  publisher={Wiley Online Library}}
  
@article{MerilaitaandJormalainen1997,
  title={Evolution of sex differences in microhabitat choice and colour polymorphism in {{\em Idotea baltica}}},
  author={Merilaita, Sami and Jormalainen, Veijo},
  journal={Animal Behaviour},
  volume={54},
  number={4},
  pages={769--778},
  year={1997},
  publisher={Elsevier}}
  
@article{Ridleyetal.2007,
  title={An unexpected influence of widely used significance thresholds on the distribution of reported P-values},
  author={Ridley, J and Kolm, Niclas and Freckelton, RP and Gage, MJG},
  journal={Journal of evolutionary biology},
  volume={20},
  number={3},
  pages={1082--1089},
  year={2007},
  publisher={Wiley Online Library}}
  
@article{Benjaminetal.2018,
  title={Redefine statistical significance},
  author={Benjamin, Daniel J and Berger, James O and Johannesson, Magnus and Nosek, Brian A and Wagenmakers, E-J and Berk, Richard and Bollen, Kenneth A and Brembs, Bj{\"o}rn and Brown, Lawrence and Camerer, Colin and others},
  journal={Nature Human Behaviour},
  volume={2},
  number={1},
  pages={6},
  year={2018},
  publisher={Nature Publishing Group}}
  
@article{GelmanandStern2006,
  title={The difference between ``significant" and ``not significant" is not itself statistically significant},
  author={Gelman, Andrew and Stern, Hal},
  journal={The American Statistician},
  volume={60},
  number={4},
  pages={328--331},
  year={2006},
  publisher={Taylor \& Francis}}
  
  @article{Sundinetal.2017,
  title={No effect of elevated carbon dioxide on reproductive behaviors in the three-spined stickleback},
  author={Sundin, Josefin and Vossen, Laura E and Nilsson-Sk{\"o}ld, Helen and Jutfelt, Fredrik},
  journal={Behavioral Ecology},
  volume={28},
  number={6},
  pages={1482--1491},
  year={2017},
  publisher={Oxford University Press UK}}
  
  @article{Bukovinszkyetal.2017,
  title={Exploring the relationships between landscape complexity, wild bee species richness and reproduction, and pollination services along a complexity gradient in the Netherlands},
  author={Bukovinszky, Tibor and Verheijen, Joke and Zwerver, Susan and Klop, Esther and Biesmeijer, Jacobus C and W{\"a}ckers, Felix L and Prins, Herbert HT and Kleijn, David},
  journal={Biological Conservation},
  volume={214},
  pages={312--319},
  year={2017},
  publisher={Elsevier}}

@article{blume_second-generation_2018,
	title = {Second-generation p-values: {Improved} rigor, reproducibility, \& transparency in statistical analyses},
	volume = {13},
	issn = {1932-6203},
	shorttitle = {Second-generation p-values},
	url = {http://journals.plos.org/plosone/article?id=10.1371/journal.pone.0188299},
	doi = {10.1371/journal.pone.0188299},
	abstract = {Verifying that a statistically significant result is scientifically meaningful is not only good scientific practice, it is a natural way to control the Type I error rate. Here we introduce a novel extension of the p-value—a second-generation p-value (pδ)–that formally accounts for scientific relevance and leverages this natural Type I Error control. The approach relies on a pre-specified interval null hypothesis that represents the collection of effect sizes that are scientifically uninteresting or are practically null. The second-generation p-value is the proportion of data-supported hypotheses that are also null hypotheses. As such, second-generation p-values indicate when the data are compatible with null hypotheses (pδ = 1), or with alternative hypotheses (pδ = 0), or when the data are inconclusive (0 {\textless} pδ {\textless} 1). Moreover, second-generation p-values provide a proper scientific adjustment for multiple comparisons and reduce false discovery rates. This is an advance for environments rich in data, where traditional p-value adjustments are needlessly punitive. Second-generation p-values promote transparency, rigor and reproducibility of scientific results by a priori specifying which candidate hypotheses are practically meaningful and by providing a more reliable statistical summary of when the data are compatible with alternative or null hypotheses.},
	language = {en},
	number = {3},
	urldate = {2018-03-30},
	journal = {PLOS ONE},
	author = {Blume, Jeffrey D. and McGowan, Lucy D’Agostino and Dupont, William D. and Jr, Robert A. Greevy},
	month = mar,
	year = {2018},
	keywords = {Acute myeloid leukemia, Blood pressure, Gene expression, Leukemias, Lung and intrathoracic tumors, Microarrays, Research errors, Statistical data},
	pages = {e0188299}}


@article{leek_five_2018,
	title = {Five ways to fix statistics},
	url = {http://www.nature.com/articles/d41586-017-07522-z},
	abstract = {As debate rumbles on about how and how much poor statistics is to blame for poor reproducibility, Nature asked influential statisticians to recommend one change to improve science. The common theme? The problem is not our maths, but ourselves.},
	language = {EN},
	urldate = {2018-04-02},
	journal = {Nature},
	author = {Leek, Jeff and McShane, Blakeley B. and Gelman, Andrew and Colquhoun, David and Nuijten, Michèle B. and Goodman, Steven N.},
	month = nov,
	year = {2017},
	doi = {10.1038/d41586-017-07522-z}}

@article{jones2000sensible,
  title={A sensible formulation of the significance test.},
  author={Jones, Lyle V and Tukey, John W},
  journal={Psychological methods},
  volume={5},
  number={4},
  pages={411},
  year={2000},
  publisher={American Psychological Association}}

@article{robinson2001past,
  title={On the past and future of null hypothesis significance testing},
  author={Robinson, Daniel H and Wainer, Howard},
  journal={ETS Research Report Series},
  volume={2001},
  number={2},
  year={2001},
  publisher={Wiley Online Library}}
